%% Wstęp

@online{WWW_wikipedia,
    author = {Wikipedia The Free Encyclopedia},
    title = {World Wide Web},
    url = {https://en.wikipedia.org/wiki/World_Wide_Web},
    urldate = {2021-08-27}
}

@online{HTTP_wikipedia,
    author = {Wikipedia The Free Encyclopedia},
    title = {Hypertext Transfer Protocol},
    url = {https://en.wikipedia.org/wiki/Hypertext_Transfer_Protocol},
    urldate = {2021-08-27}
}

@online{LHC_cern,
    author = {CERN},
    title = {The Large Hadron Collider},
    url = {https://home.cern/science/accelerators/large-hadron-collider},
    urldate = {2021-08-27}
}

@online{ATLAS_cern,
    author = {CERN},
    title = {ATLAS Experiment},
    url = {https://atlas.cern/},
    urldate = {2021-08-27}
}

@article{ATLAS_agh,
    author = {Bochenek, M. and Bołd, T. and Ciba, K. and 
    Dąbrowski, W. and Deptuch, M. and Dwużnik, M. and Fiutowski, T. and 
    Grabowska-Bołd, I. and Idzik, M. and Jeleń, K. and Kisielewska, D. and 
    Koperny, S. and Kowalski, T. Z. and Kulis, S. and Mindur, B. and Muryn, B. and 
    Obłąkowska-Mucha, A. and Pieron, J. and Półtorak, K. and Prochal, B. and 
    Suszycki, L. and Szumlak, T. and Świentek, K. and Toczek, B. and Tora, T.},
    title = {Budowa aparatury detekcyjnej i przygotowanie
programu fizycznego przyszłych eksperymentów fizyki
cząstek (ATLAS i LHCb na akceleratorze LHC i Super
LHC oraz eksperymentu na akceleratorze liniowym ILC).},
    url = {https://inis.iaea.org/collection/NCLCollectionStore/_Public/40/108/40108055.pdf},
    journal = {Akademia Górniczo-Hutnicza im. S. Staszica. Wydział Fizyki i Informatyki Stosowanej. Raport Roczny 2008.},
    year = {2008}
}

@article{GGSS_jinst,
    author = {Mindur (Corresponding author), Bartosz},
    title = {Gas gain stabilisation in the ATLAS TRT detector},
    journal = {Journal of Instrumentation},
    year = {2016}
}

@manual{GGSS_inz,
    author = {Cierpich, Jarosław and Kasprzak, Arkadiusz},
    title = {Rozbudowa i uaktualnienie oprogramowania systemu GGSS detektora ATLAS TRT},
    year = {2020}
}

@online{Git_main,
    title = {Strona internetowa projektu Git},
    url = {https://git-scm.com/},
    urldate = {2021-08-27}
}

@online{CMake_main,
    title = {Strona internetowa narzędzia CMake},
    author= {Kitware},
    url = {https://cmake.org/},
    urldate = {2021-08-27}
}

@online{CI_main,
    author = {GitLab},
    title = {GitLab Continuous Integration (CI) and Continuous Delivery (CD)},
    url = {https://about.gitlab.com/product/continuous-integration/},
    urldate = {2021-08-27}
}


%% Technologie

@manual{Bjarne,
    author = {Stroustrup, Bjarne},
    title = {Język C++, Kompendium Wiedzy, Wydanie IV (The C++ Programming Language, 4th Edition)},
    year = {2014},
    pages = {35--53},
    publisher = {HELION S.A.},
    address = {ul. Kościuszki 1c, 44-100 Gliwice},
}

@online{cpp_reference,
    title = {Strona internetowa dokumentująca język C++},
    url = {https://en.cppreference.com/w/},
    urldate = {2021-08-27}
}

@manual{cpp17_book,
    author = {Stephen Roth},
    title = {Czysty kod w C++17. Oprogramowanie łatwe w utrzymaniu. (Clean C++: Sustainable Software Development Patterns and Best Practices with C++17)},
    year = {2018},
    publisher = {HELION S.A.},
    address = {ul. Kościuszki 1c, 44-100 Gliwice},
}

@manual{c_book,
    author = {Kernighan, Brian W. and Ritchie, Dennis M.},
    title = {Język ANSI C. Programowanie. Wydanie II (The C Programming Language)},
    year = {2010},
    publisher = {HELION S.A.},
    address = {ul. Kościuszki 1c, 44-100 Gliwice},
}

@online{Boost_main,
    title = {Strona internetowa zestawu bibliotek Boost},
    url={https://www.boost.org/},
    urldate={2021-08-27}
}

@online{Boost_docs,
    title = {Dokumentacja biblioteki Boost w wersji 1.57.0},
    url = {https://www.boost.org/doc/libs/1_57_0/?view=categorized},
    urldate = {2021-08-27}
}

@online{GSL_main,
    title = {Strona internetowa biblioteki GSL},
    url = {https://www.gnu.org/software/gsl/},
    urldate = {2021-08-27}
}

@online{Qt_main,
    title = {Strona internetowa platformy Qt},
    url = {https://www.qt.io/},
    urldate = {2021-08-27}
}

@online{MC_wikipedia,
    author = {Wikipedia The Free Encyclopedia},
    title = {Monte Carlo integration},
    url = {https://en.wikipedia.org/wiki/Monte_Carlo_integration},
    urldate = {2021-08-27}
}

@online{Python_main,
    title = {Strona internetowa języka programowania Python},
    url={https://www.python.org/},
    urldate={2021-08-27}
}

@manual{Lutz,
    author = {Lutz, Mark},
    title = {Python. Wprowadzenie. Wydanie IV (Learning Python, Fourth Edition by Mark Lutz)},
    year = {2011},
    pages = {49--65},
    publisher = {HELION S.A.},
    address = {ul. Kościuszki 1c, 44-100 Gliwice},
}


@manual(code_analysis,
    author = {Nethercote, Nicholas},
    title = {Dynamic Binary Analysis and Instrumentation or Building Tools is Easy},
    year = {2004}
)

@manual{reverse,
    author = {Bukowski, Tomasz and Antoniak, Grzegorz and Kwiecień, Tomasz and
    Krzywicki, Mateusz and Hartung, Marcin and Coldwind, Gynvael and 
    Hasherezade and Kotowicz, Maciej and Kowalczyk, Michał and Święcki, Robert and 
    Bania, Piotr and Jurczyk, Mateusz},
    title = {Praktyczna Inżynieria Wsteczna. Metody, techniki i narzędzia.},
    year = {2018},
    publisher = {Wydawnictwo Naukowe PWN SA},
    address = {ul. Gottlieba Daimlera 2, 02-460 Warszawa}
}

@online{gdb,
    title = {Strona internetowa narzędzia GDB},
    url={https://www.gnu.org/software/gdb/},
    urldate={2021-08-27}
}

@online{valgrind,
    author= {Valgrind Developers},
    title = {Strona internetowa narzędzia Valgrind},
    url = {https://valgrind.org/},
    urldate = {2021-08-27}
}

@manual{memcheck_1, 
    author = {Seward, Julian and Nethercote, Nicholas},
    title = {Using Valgrind to detect undefined value errors with bit-precision},
    year = {2005}
}

@manual{memcheck_2,
    author = {Seward, Julian and Nethercote, Nicholas},
    title = {How to Shadow Every Byte of Memory Used by a Program},
    year = {2007}
}

@online{massif,
    author= {Valgrind Developers},
    title = {Massif: a heap profiler},
    url = {https://valgrind.org/docs/manual/ms-manual.html},
    urldate = {2021-08-27}
}

@online{clang,
    title = {Strona internetowa kompilatora Clang},
    url={https://clang.llvm.org/},
    urldate={2021-08-27}
}

@online{clang-tidy,
    title = {Dokumentacja narzędzia clang-tidy},
    url={https://clang.llvm.org/extra/clang-tidy/},
    urldate={2021-08-27}
}

@online{clion,
    author= {JetBrains},
    title = {Static code analysis},
    url = {https://www.jetbrains.com/help/clion/code-inspection.html},
    urldate = {2021-08-27}
}

@manual{progit,
    author = {Chacon, Scott and Straub, Ben},
    title = {Pro Git 2nd ed. Edition},
    year = {2014},
    publisher = {APress}
}

@online{docker_main,
    title = {Strona internetowa technologii Docker},
    url = {https://docs.docker.com/engine/docker-overview/},
    urldate = {2021-08-27}
}

@online{rpm,
    title = {Dokumentacja technologii RPM},
    url = {https://rpm.org/documentation.html},
    urldate = {2021-08-27}
}

@online{rpm_wiki,
    author = {Wikipedia The Free Encyclopedia},
    title = {RPM Package Manager},
    url = {https://en.wikipedia.org/wiki/RPM_Package_Manager},
    urldate = {2021-08-27}
}

@online{bash,
    title = {Dokumentacja powłoki Bash},
    url = {https://www.gnu.org/software/bash/},
    urldate = {2021-08-27}
}


%% Wprowadzenie do GGSS

@manual{mindur_phd,
    author = {Mindur, Bartosz},
    title = {Wybrane zagadnienia związane z pracą słomkowych liczników proporcjonalnych w detektorze TRT eksperymentu ATLAS},
    year = {2004}
}

@online{XML_wikipedia,
    author = {Wikipedia The Free Encyclopedia},
    title = {XML},
    url = {https://pl.wikipedia.org/wiki/XML},
    urldate = {2021-08-27}
}

@online{winccoa,
    title = {Strona internetowa projektu WinCC OA},
    url = {https://www.winccoa.com/},
    urldate = {2021-08-27}
}

@online{SCADA_wikipedia,
    author = {Wikipedia The Free Encyclopedia},
    title = {SCADA},
    url = {https://en.wikipedia.org/wiki/SCADA},
    urldate = {2021-08-27}
}

@online{DIMwebsite,
    author = {Gaspar, C.},
    title = {DIM Distributed Information Management System},
    url = {https://dim.web.cern.ch/},
    urldate = {2021-08-27}
}

@online{caen,
    title = {Strona internetowa firmy CAEN},
    url = {https://www.caen.it/},
    urldate = {2021-08-27}
}

@manual{ZadrozniakInz,
    author = {Zadrożniak, Paweł},
    title = {Opracowanie oraz oprogramowanie multipleksera sygnałów analogowych},
    year = {2013}
}

@manual{ZadrozniakMgr,
    author = {Zadrożniak, Paweł},
    title = {Aktualizacja sprzętu elektronicznego dla Systemu Stabilizacji Wzmocnienia Gazowego},
    year = {2015}
}

@manual{PodsiadloInz,
    author = {Podsiadło, Grzegorz},
    title = {Uaktualnienie systemu kontroli detektora dedykowanemu dla ATLAS TRT GGSS},
    year = {2020}
}


%% Infrastruktura

@online{doxygen,
    title = {Strona internetowa narzędzia Doxygen},
    url = {https://www.doxygen.nl/index.html},
    urldate = {2021-08-27}
}

@online{gitpython,
    title = {Dokumentacja biblioteki GitPython},
    url = {https://gitpython.readthedocs.io/en/stable/},
    urldate = {2021-08-27}
}

@online{semver,
    title = {Strona zawierająca specyfikację zasad semantic-versioning},
    url = {https://semver.org/},
    urldate = {2021-08-26}
}

@online{semantic_release,
    title = {Repozytorium technologii semantic-release w ramach portalu GitHub},
    url = {https://github.com/semantic-release/semantic-release},
    urldate = {2021-08-26}
}

@online{eslint,
    title = {Informacje o ESLint zamieszczone na portalu GitHub},
    url = {https://github.com/conventional-changelog/conventional-changelog/tree/master/packages/conventional-changelog-eslint},
    urldate = {2021-08-26}
}

@online{javascript,
    title = {Strona internetowa języka programowania JavaScript},
    url = {https://www.javascript.com/},
    urldate = {2021-08-27}
}

@online{nodejs,
    title = {Strona internetowa platformy NodeJS},
    url = {https://nodejs.org/en/},
    urldate = {2021-08-27}
}

@online{man,
    title = {Dokumentacja polecenia ps},
    url = {https://man7.org/linux/man-pages/man1/ps.1.html},
    urldate = {2021-08-25}
}

@online{rssvsz,
    title = {Memory RSS vs VSZ},
    url = {https://softwareperformancenotes.github.io/rssvsz/},
    urldate = {2021-08-25}
}

@online{udevadm,
    title = {Dokumentacja narzędzia udevadm},
    url = {https://linux.die.net/man/8/udevadm},
    urldate = {2021-08-25}
}

@online{yaml,
    title = {Strona internetowa technologii YAML},
    url = {https://yaml.org/},
    urldate = {2021-08-25}
}

%% Zmiany w kodzie

@online{baeldung_fit,
    author = {Portal Baeldung CS},
    title = {Peak Detection in a Measured Signal},
    url = {https://www.baeldung.com/cs/signal-peak-detection},
    urldate = {2021-08-25}
}

@online{smoothing,
    author = {Thomas C. O'Haver},
    title = {Smoothing},
    url = {https://terpconnect.umd.edu/~toh/spectrum/Smoothing.html},
    urldate = {2021-08-25}
}